@article{bommes:hal-00862648,
  TITLE = {{Integer-Grid Maps for Reliable Quad Meshing}},
  AUTHOR = {Bommes, David and Campen, Marcel and Ebke, Hans-Christian and Alliez, Pierre and Kobbelt, Leif},
  URL = {https://hal.inria.fr/hal-00862648},
  JOURNAL = {{ACM Transactions on Graphics}},
  PUBLISHER = {{Association for Computing Machinery}},
  VOLUME = {32},
  NUMBER = {4},
  YEAR = {2013},
  MONTH = Jul,
  PDF = {https://hal.inria.fr/hal-00862648/file/IGM.pdf},
  HAL_ID = {hal-00862648},
  HAL_VERSION = {v1},
}

@article{Poranne:Autocuts:2017,
author = {\foreignlanguage{english}{Roi Poranne and Marco Tarini and Sandro Huber and Daniele Panozzo and Olga Sorkine-Hornung}},
title = {\foreignlanguage{english}{Autocuts: Simultaneous Distortion and Cut Optimization for UV Mapping}},
journal = {\foreignlanguage{english}{ACM Transactions on Graphics (proceedings of ACM SIGGRAPH ASIA)}},
year = {\foreignlanguage{english}{2017}},
volume = {\foreignlanguage{english}{36}},
number = {\foreignlanguage{english}{6}},
}

@article{10.1145/2766947,
author = {Smith, Jason and Schaefer, Scott},
title = {Bijective Parameterization with Free Boundaries},
year = {2015},
issue_date = {August 2015},
publisher = {Association for Computing Machinery},
address = {New York, NY, USA},
volume = {34},
number = {4},
issn = {0730-0301},
url = {https://doi.org/10.1145/2766947},
doi = {10.1145/2766947},
journal = {ACM Trans. Graph.},
month = jul,
articleno = {70},
numpages = {9},
keywords = {free boundary, parameterization, bijective mappings}
}

@article{10.1111/cgf.12014,
author = {Bommes, David and L\'{e}vy, Bruno and Pietroni, Nico and Puppo, Enrico and Silva, Claudio and Tarini, Marco and Zorin, Denis},
title = {Quad-Mesh Generation and Processing: A Survey},
year = {2013},
issue_date = {September 2013},
publisher = {The Eurographs Association & John Wiley & Sons, Ltd.},
address = {Chichester, GBR},
volume = {32},
number = {6},
issn = {0167-7055},
url = {https://doi.org/10.1111/cgf.12014},
doi = {10.1111/cgf.12014},
journal = {Comput. Graph. Forum},
month = sep,
pages = {51â€“76},
numpages = {26},
keywords = {languages, quad mesh processing, mesh parametrization, quad mesh generation, I.3.5[Computer Graphics]: Computational Geometry and Object Modeling-Geometric algorithms, and systems, geometry processing}
}